<?xml version="1.0" encoding="UTF-8"?><collection xmlns="http://www.loc.gov/MARC21/slim"><record><leader>00353nam--2200121-i-4500</leader><controlfield tag="001">000024085</controlfield><controlfield tag="002">20161230</controlfield><controlfield tag="005">20161230201035</controlfield><controlfield tag="008">060222s1000------------r-----000-0-eng-d</controlfield><datafield ind1=" " ind2=" " tag="080"><subfield code="a">530.34</subfield></datafield><datafield ind1=" " ind2=" " tag="245"><subfield code="a">Japanese national report for the ump. june, 1967</subfield></datafield><datafield ind1=" " ind2=" " tag="260"><subfield code="a">Tokyo, The National Committee For The Ump Science Council Of Japan, 1967, 25p</subfield></datafield><datafield ind1=" " ind2=" " tag="852"><subfield code="a">48180</subfield></datafield></record></collection>